@manual{Rust,
	title = {The Rust Programming Language},
	address = {\url{https://www.rust-lang.org/en-US/index.html}},
	note = {visited May 2018}
}

@manual{RustFAQ,
	title = {Frequently Asked Questions},
	address = {\url{https://www.rust-lang.org/en-US/faq.html}},
	note = {visited May 2018}
}

@book{CargoBook,
	title = {The Cargo Book},
	address = {\url{https://doc.rust-lang.org/cargo/index.html}},
	note = {visited May 2018}
}

@book{RustBook,
	title = {The Rust Programming Language},
	edition = {2},
	address = {\url{https://doc.rust-lang.org/stable/book/second-edition/}},
	note = {visited May 2018}
}

@manual{Crates,
	title = {Rust Package Registry},
	address = {\url{https://crates.io/}},
	note = {visited May 2018}
}

@manual{AGPL,
	title = {Affero General Public License},
	address = {\url{https://www.gnu.org/licenses/agpl.html}},
	note = {visited May 2018}
}

@manual{verleihtool,
	title = {Verleihtool},
	address = {\url{https://github.com/verleihtool/verleihtool}},
	note = {visited May 2018}
}

@inproceedings{Chord,
	author = {Stoica, Ion and Morris, Robert and Karger, David and Kaashoek, M. Frans and Balakrishnan, Hari},
	title = {Chord: A Scalable Peer-to-peer Lookup Service for Internet Applications},
	booktitle = {Proceedings of the 2001 Conference on Applications, Technologies, Architectures, and Protocols for Computer Communications},
	series = {SIGCOMM '01},
	year = {2001},
	isbn = {1-58113-411-8},
	location = {San Diego, California, USA},
	pages = {149--160},
	numpages = {12},
	url = {http://doi.acm.org/10.1145/383059.383071},
	doi = {10.1145/383059.383071},
	acmid = {383071},
	publisher = {ACM},
	address = {New York, NY, USA},
}
	